{
  "leader": "03262cam a2200421 a 4500",
  "fields": [
    {
      "001": "ocm36662871\\"
    },
    {
      "003": "OCoLC"
    },
    {
      "005": "20221208162417.0"
    },
    {
      "008": "970317r19971946meua\\\\\\\\\\\\\\\\\\\\001\\0\\eng\\\\"
    },
    {
      "010": {
        "ind1": "\\",
        "ind2": "\\",
        "subfields": [
          {
            "a": "   97006726 "
          }
        ]
      }
    },
    {
      "040": {
        "ind1": "\\",
        "ind2": "\\",
        "subfields": [
          {
            "a": "DLC"
          },
          {
            "b": "eng"
          },
          {
            "c": "DLC"
          },
          {
            "d": "BAKER"
          },
          {
            "d": "BTCTA"
          },
          {
            "d": "YDXCP"
          },
          {
            "d": "OCLCG"
          },
          {
            "d": "OCLCO"
          },
          {
            "d": "OCLCF"
          },
          {
            "d": "OCLCQ"
          },
          {
            "d": "YCP"
          },
          {
            "d": "OCLCO"
          },
          {
            "d": "AAA"
          }
        ]
      }
    },
    {
      "020": {
        "ind1": "\\",
        "ind2": "\\",
        "subfields": [
          {
            "a": "0898310520"
          },
          {
            "q": "(hardcover)"
          }
        ]
      }
    },
    {
      "020": {
        "ind1": "\\",
        "ind2": "\\",
        "subfields": [
          {
            "a": "9780898310528"
          },
          {
            "q": "(hardcover)"
          }
        ]
      }
    },
    {
      "035": {
        "ind1": "\\",
        "ind2": "\\",
        "subfields": [
          {
            "a": "(OCoLC)36662871"
          }
        ]
      }
    },
    {
      "043": {
        "ind1": "\\",
        "ind2": "\\",
        "subfields": [
          {
            "a": "n-us-me"
          }
        ]
      }
    },
    {
      "050": {
        "ind1": "0",
        "ind2": "0",
        "subfields": [
          {
            "a": "SB466.U7"
          },
          {
            "b": "R44 1997"
          }
        ]
      }
    },
    {
      "082": {
        "ind1": "0",
        "ind2": "0",
        "subfields": [
          {
            "a": "635.90974195"
          },
          {
            "b": "REE"
          }
        ]
      }
    },
    {
      "130": {
        "ind1": "0",
        "ind2": "\\",
        "subfields": [
          {
            "a": "Reef Point Gardens bulletin."
          }
        ]
      }
    },
    {
      "245": {
        "ind1": "1",
        "ind2": "4",
        "subfields": [
          {
            "a": "The bulletins of Reef Point Gardens /"
          },
          {
            "c": "Beatrix Farrand ; introduction by Paula Deitz."
          }
        ]
      }
    },
    {
      "260": {
        "ind1": "\\",
        "ind2": "\\",
        "subfields": [
          {
            "a": "Bar Harbor, Me. :"
          },
          {
            "b": "Island Foundation,"
          },
          {
            "c": "\u00a91997."
          }
        ]
      }
    },
    {
      "300": {
        "ind1": "\\",
        "ind2": "\\",
        "subfields": [
          {
            "a": "xxiii, 134 pages :"
          },
          {
            "b": "illustrations ;"
          },
          {
            "c": "24 cm"
          }
        ]
      }
    },
    {
      "336": {
        "ind1": "\\",
        "ind2": "\\",
        "subfields": [
          {
            "a": "text"
          },
          {
            "b": "txt"
          },
          {
            "2": "rdacontent"
          }
        ]
      }
    },
    {
      "337": {
        "ind1": "\\",
        "ind2": "\\",
        "subfields": [
          {
            "a": "unmediated"
          },
          {
            "b": "n"
          },
          {
            "2": "rdamedia"
          }
        ]
      }
    },
    {
      "338": {
        "ind1": "\\",
        "ind2": "\\",
        "subfields": [
          {
            "a": "volume"
          },
          {
            "b": "nc"
          },
          {
            "2": "rdacarrier"
          }
        ]
      }
    },
    {
      "500": {
        "ind1": "\\",
        "ind2": "\\",
        "subfields": [
          {
            "a": "Facsimile reprints of the 17 Reef Point Gardens bulletins, written by Beatrix Farrand and others, and published 1946-1956."
          }
        ]
      }
    },
    {
      "500": {
        "ind1": "\\",
        "ind2": "\\",
        "subfields": [
          {
            "a": "Includes index."
          }
        ]
      }
    },
    {
      "505": {
        "ind1": "0",
        "ind2": "\\",
        "subfields": [
          {
            "a": "Foreword / Beth Straus -- \"Open to All Real Plant Lovers\": Beatrix Farrand's Invitation to Reef Point Gardens / Paula Deitz -- Bulletin 1. The Start and the Goal / Beatrix Farrand -- Bulletin 2. Past Present and Future / Beatrix Farrand -- Bulletin 3. The Plan of the Grounds / Beatrix Farrand -- Bulletin 4. The Buildings / Beatrix Farrand -- Bulletin 5. The Max Farrand Library / Beatrix Farrand -- Bulletin 6. A Visit to Reef Point Gardens / Beatrix Farrand -- Bulletin 7. Reef Point Gardens Herbarium / Marion Ida Spaulding -- Bulletin 8. Conifers at Reef Point Gardens / Robert Whiteley Patterson -- Bulletin 9. Maintenance / Amy Magdalene Garland -- Bulletin 10. Single and Semi-double Roses / Beatrix Farrand. The Care of Single Roses / Amy Magdalene Garland. The Charts / Robert Whiteley Patterson -- Bulletin 11. Climbing Plants in Eastern Maine / Beatrix Farrand. Cultivation of Climbing Plants at Reef Point Gardens / Amy Magdalene Garland -- Bulletin 12. Heaths / Beatrix Farrand. Heathers / Amy Magdalene Garland -- Bulletin 13. Simple Foundation Planting in Eastern Coastal Maine / Amy Magdalene Garland -- Bulletin 14. Prints at Reef Point Gardens, Bar Harbor, Maine / Beatrix Farrand -- Bulletin 15. Native Maine Woodland Plants at Reef Point Gardens I / Kenneth A. Beckett -- Bulletin 16. Native Maine Woodland Plants at Reef Point Gardens II / Kenneth A. Beckett -- Bulletin 17. Final Reef Point Bulletin / Beatrix Farrand."
          }
        ]
      }
    },
    {
      "600": {
        "ind1": "1",
        "ind2": "0",
        "subfields": [
          {
            "a": "Farrand, Beatrix,"
          },
          {
            "d": "1872-1959"
          },
          {
            "x": "Homes and haunts"
          },
          {
            "z": "Maine"
          },
          {
            "z": "Bar Harbor."
          }
        ]
      }
    },
    {
      "651": {
        "ind1": "\\",
        "ind2": "0",
        "subfields": [
          {
            "a": "Reef Point Gardens (Bar Harbor, Me.)"
          }
        ]
      }
    },
    {
      "600": {
        "ind1": "1",
        "ind2": "7",
        "subfields": [
          {
            "a": "Farrand, Beatrix,"
          },
          {
            "d": "1872-1959"
          },
          {
            "2": "fast"
          },
          {
            "0": "(OCoLC)fst00050317"
          }
        ]
      }
    },
    {
      "650": {
        "ind1": "\\",
        "ind2": "7",
        "subfields": [
          {
            "a": "Homes."
          },
          {
            "2": "fast"
          },
          {
            "0": "(OCoLC)fst01353235"
          }
        ]
      }
    },
    {
      "651": {
        "ind1": "\\",
        "ind2": "7",
        "subfields": [
          {
            "a": "Maine"
          },
          {
            "z": "Bar Harbor."
          },
          {
            "2": "fast"
          },
          {
            "0": "(OCoLC)fst01202939"
          }
        ]
      }
    },
    {
      "651": {
        "ind1": "\\",
        "ind2": "7",
        "subfields": [
          {
            "a": "Maine"
          },
          {
            "z": "Bar Harbor"
          },
          {
            "z": "Reef Point Gardens."
          },
          {
            "2": "fast"
          },
          {
            "0": "(OCoLC)fst01323569"
          }
        ]
      }
    },
    {
      "700": {
        "ind1": "1",
        "ind2": "\\",
        "subfields": [
          {
            "a": "Farrand, Beatrix,"
          },
          {
            "d": "1872-1959."
          }
        ]
      }
    },
    {
      "776": {
        "ind1": "0",
        "ind2": "8",
        "subfields": [
          {
            "i": "Online version:"
          },
          {
            "a": "Reef Point Gardens bulletin."
          },
          {
            "t": "Bulletins of Reef Point Gardens."
          },
          {
            "d": "Bar Harbor, Me. : Island Foundation ; Sagaponack, N.Y. : Distributed by Sagapress, \u00a91997"
          },
          {
            "w": "(OCoLC)741763080"
          }
        ]
      }
    },
    {
      "994": {
        "ind1": "\\",
        "ind2": "\\",
        "subfields": [
          {
            "a": "Z0"
          },
          {
            "b": "NYRVC"
          }
        ]
      }
    },
    {
      "948": {
        "ind1": "\\",
        "ind2": "\\",
        "subfields": [
          {
            "h": "NO HOLDINGS IN NYRVC - 93 OTHER HOLDINGS"
          }
        ]
      }
    },
    {
      "999": {
        "ind1": "\\",
        "ind2": "\\",
        "subfields": [
          {
            "a": "00000000011133"
          }
        ]
      }
    }
  ]
}